<?xml version="1.0" encoding="UTF-8"?><collection xmlns="http://www.loc.gov/MARC21/slim"><record><leader>00552nam--2200181-u-4500</leader><controlfield tag="001">000055982</controlfield><controlfield tag="002">20161230</controlfield><controlfield tag="005">20161230201052</controlfield><controlfield tag="008">131107s1000------------r-----000-0-rum-d</controlfield><datafield ind1=" " ind2=" " tag="040"><subfield code="a">IFIN-HH</subfield></datafield><datafield ind1=" " ind2=" " tag="041"><subfield code="a">rum</subfield></datafield><datafield ind1="1" ind2=" " tag="100"><subfield code="a">Popescu, Bogdan V</subfield></datafield><datafield ind1="1" ind2="0" tag="245"><subfield code="a">Studiul unor materiale magnetice care prezinta efect magnetorezistiv; sisteme kondo feromagnetice</subfield><subfield code="b">Teza</subfield><subfield code="c">Bogdan v. popescu</subfield></datafield><datafield ind1=" " ind2=" " tag="260"><subfield code="a">Bucuresti-magurele</subfield><subfield code="b">Iftm</subfield><subfield code="c">2013</subfield></datafield><datafield ind1=" " ind2=" " tag="300"><subfield code="a">123P</subfield></datafield><datafield ind1=" " ind2=" " tag="502"><subfield code="a">Conducator Stiintific, Dr. Mircea Morariu</subfield></datafield><datafield ind1=" " ind2=" " tag="852"><subfield code="a">82370</subfield></datafield><datafield ind1=" " ind2=" " tag="CAT"><subfield code="a">Sys</subfield><subfield code="c">20131107</subfield><subfield code="h">134824</subfield></datafield></record></collection>